@inproceedings{khatri2020potential,
	title={Potential Bottleneck and Measuring Performance of Serverless Computing: A Literature Study},
	author={Khatri, Deepak and Khatri, Sunil Kumar and Mishra, Deepti},
	booktitle={International Conference on Reliability, Infocom Technologies and Optimization (ICRITO)},
	organization={IEEE},
	year={2020},
}

@inproceedings{lloyd2018serverless,
	title={Serverless computing: An investigation of factors influencing microservice performance},
	author={Lloyd, Wes and Ramesh, Shruti and Chinthalapati, Swetha and Ly, Lan and Pallickara, Shrideep},
	booktitle={International Conference on Cloud Engineering (IC2E)},
	organization={IEEE},
	year={2018},
}

@inproceedings{kounev2021toward,
  title={Toward a definition for serverless computing},
  author={Kounev, Samuel and Abad, Cristina and Foster, Ian and Herbst, Nikolas and Iosup, Alexandru and Al-Kiswany, Samer and Hassan, Ahmed Ali-Eldin and Balis, Bartosz and Bauer, Andre and Bondi, Andre and others},
  year={2021},
  publisher={Schloss Dagstuhl}
}

@inproceedings{li2021serverless,
  title={The Serverless Computing Survey: A Technical Primer for Design Architecture},
  author={Li, Zijun and Guo, Linsong and Cheng, Jiagan and Chen, Quan and He, BingSheng and Guo, Minyi},
  booktitle={ACM Computing Surveys (CSUR)},
  year={2021},
  publisher={ACM}
}

@inproceedings{tariq2020sequoia,
	title={Sequoia: Enabling quality-of-service in serverless computing},
	author={Tariq, Ali and Pahl, Austin and Nimmagadda, Sharat and Rozner, Eric and Lanka, Siddharth},
	booktitle={Symposium on Cloud Computing (SoCC)},
	year={2020},
	publisher={ACM},
}

@inproceedings{jangda2019formal,
	title={Formal foundations of serverless computing},
	author={Jangda, Abhinav and Pinckney, Donald and Brun, Yuriy and Guha, Arjun},
	booktitle={ACM Programming Languages},
	volume={3},
	number={OOPSLA},
	pages={1--26},
	year={2019},
	publisher={ACM}
}

@inproceedings{aumala2019beyond,
	title={Beyond load balancing: Package-aware scheduling for serverless platforms},
	author={Aumala, Gabriel and Boza, Edwin and Ortiz-Avil{\'e}s, Luis and Totoy, Gustavo and Abad, Cristina},
	booktitle={International Symposium on Cluster, Cloud and Grid Computing (CCGRID)},
	year={2019},
	publisher={IEEE/ACM}
}

@inproceedings{mampage2021deadline,
	title={Deadline-aware dynamic resource management in serverless computing environments},
	author={Mampage, Anupama and Karunasekera, Shanika and Buyya, Rajkumar},
	booktitle={International Symposium on Cluster, Cloud and Internet Computing (CCGrid)},
	year={2021},
	publisher={IEEE/ACM}
}

@inproceedings{wu2022container,
	title={Container lifecycle-aware scheduling for serverless computing},
	author={Wu, Song and Tao, Zhiheng and Fan, Hao and Huang, Zhuo and Zhang, Xinmin and Jin, Hai and Yu, Chen and Cao, Chun},
	booktitle={Software: Practice and Experience},
	volume={52},
	number={2},
	pages={337--352},
	year={2022},
	publisher={Wiley Online Library}
}

@inproceedings{palade2019evaluation,
	title={An evaluation of open source serverless computing frameworks support at the edge},
	author={Palade, Andrei and Kazmi, Aqeel and Clarke, Siobh{\'a}n},
	booktitle={World Congress on Services (SERVICES)},
	year={2019},
	publisher={IEEE}
}

@inproceedings{shahrad2020serverless,
	title={Serverless in the wild: Characterizing and optimizing the serverless workload at a large cloud provider},
	author={Shahrad, Mohammad and Fonseca, Rodrigo and Goiri, {\'I}{\~n}igo and Chaudhry, Gohar and Batum, Paul and Cooke, Jason and Laureano, Eduardo and Tresness, Colby and Russinovich, Mark and Bianchini, Ricardo},
	booktitle={Annual Technical Conference (ATC)},
	year={2020},
	publisher={USENIX},
}

@inproceedings{ustiugov2021analyzing,
	title={Analyzing Tail Latency in Serverless Clouds with STeLLAR},
	author={Ustiugov, Dmitrii and Amariucai, Theodor and Grot, Boris},
	booktitle={International Symposium on Workload Characterization (IISWC)},
	year={2021},
	publisher={IEEE}
}

@inproceedings{mahmoudi2020performance,
	title={Performance Modeling of Serverless Computing Platforms},
	author={Mahmoudi, Nima and Khazaei, Hamzeh},
	booktitle={Transactions on Cloud Computing},
	year={2020},
	publisher={IEEE},
}

@inproceedings{mcgrath2017serverless,
	title={Serverless computing: Design, implementation, and performance},
	author={McGrath, Garrett and Brenner, Paul R},
	booktitle={International Conference on Distributed Computing Systems Workshops (ICDCSW)},
	year={2017},
	publisher={IEEE}
}

@inproceedings{mahmoudi2021simfaas,
	title={SimFaaS: A Performance Simulator for Serverless Computing Platforms},
	author={Mahmoudi, Nima and Khazaei, Hamzeh},
	booktitle={arXiv preprint arXiv:2102.08904},
	year={2021}
}

@article{manner2021semode,
	title={SeMoDe--Simulation and Benchmarking Pipeline for Function as a Service},
	author={Manner, Johannes},
	journal={Bamberger Beitr{\"a}ge zur Wirtschaftsinformatik und Angewandten Informatik},
	year={2021},
	publisher={Otto-Friedrich-Universit{\"a}t}
}

@inproceedings{jeon2019cloudsim,
	title={A CloudSim-extension for simulating distributed functions-as-a-service},
	author={Jeon, Hongseok and Cho, Chunglae and Shin, Seungjae and Yoon, Seunghyun},
	booktitle={International Conference on parallel and distributed computing, applications and technologies (PDCAT)},
	year={2019},
	organization={IEEE}
}

@article{lin2020modeling,
	title={Modeling and Optimization of Performance and Cost of Serverless Applications},
	author={Lin, Changyuan and Khazaei, Hamzeh},
	journal={IEEE Transactions on Parallel and Distributed Systems},
	volume={32},
	number={3},
	pages={615--632},
	year={2020},
	publisher={IEEE}
}

@inproceedings{lee2021greedy,
	title={A Greedy Load Balancing Algorithm for FaaS Platforms},
	author={Lee, Youngsoo and Choi, Sunghee},
	booktitle={International Conference on Cloud and Big Data Computing (ICCBDC)},
	year={2021}
}

@inproceedings{yu2021faasrank,
	title={FaaSRank: Learning to Schedule Functions in Serverless Platforms},
	author={Yu, Hanfei and Irissappane, Athirai A and Wang, Hao and Lloyd, Wes J},
	booktitle={International Conference on Autonomic Computing and Self-Organizing Systems (ACSOS)},
	year={2021},
	organization={IEEE}
}

@inproceedings{jia2021nightcore,
	title={Nightcore: efficient and scalable serverless computing for latency-sensitive, interactive microservices},
	author={Jia, Zhipeng and Witchel, Emmett},
	booktitle={Conference on Architectural Support for Programming Languages and Operating Systems (ASPLOS)},
	year={2021}
}

@online{google_cern,
	author = {Google},
	title  = {Helping researchers at CERN to analyze powerful data and uncover the secrets of our universe },
	date   = {2022-02},
	url    = {https://cloud.google.com/customers/cern}
}

@online{amazon_mikros,
	author = {Amazon},
	title  = {Mikros Creates Animated Feature Film in Less Than 20 Months, Iterates Three Times Faster Using AWS},
	date   = {2022-02},
	url    = {https://aws.amazon.com/solutions/case-studies/mikros/}
}

@online {amazon_netflix,
	author = {Mayukh Nair},
	title  = {How Netflix works: the (hugely simplified) complex stuff that happens every time you hit Play},
	date   = {2017},
	url = {https://medium.com/refraction-tech-everything/how-netflix-works-the-hugely-simplified-complex-stuff-that-happens-every-time-you-hit-play-3a40c9be254b},
}

@inproceedings{baboi2019dynamic,
	title={Dynamic microservices to create scalable and fault tolerance architecture},
	author={Baboi, Mihai and Iftene, Adrian and G{\^\i}fu, Daniela},
	booktitle={Procedia Computer Science},
	volume={159},
	pages={1035--1044},
	year={2019},
	publisher={Elsevier}
}


